<?xml version="1.0" encoding="UTF-8"?><collection xmlns="http://www.loc.gov/MARC21/slim"><record><leader>00564nam--2200205-u-4500</leader><controlfield tag="001">000050379</controlfield><controlfield tag="002">20161230</controlfield><controlfield tag="003">81707</controlfield><controlfield tag="005">20161230201048</controlfield><controlfield tag="008">070201s1000------------r-----000-0-eng-d</controlfield><datafield ind1=" " ind2=" " tag="020"><subfield code="a">1860940013</subfield></datafield><datafield ind1=" " ind2=" " tag="040"><subfield code="a">IFIN-HH</subfield></datafield><datafield ind1=" " ind2=" " tag="080"><subfield code="a">530.14:517.43(075)</subfield></datafield><datafield ind1="1" ind2=" " tag="100"><subfield code="a">Isham,Chris J</subfield></datafield><datafield ind1="1" ind2="0" tag="245"><subfield code="a">Lectures on Quantum Theory</subfield><subfield code="b">Mathematical and Structural Foundations</subfield><subfield code="c">Chris J. Isham</subfield></datafield><datafield ind1=" " ind2=" " tag="260"><subfield code="a">London</subfield><subfield code="b">Imperial College Press</subfield><subfield code="c">1995</subfield></datafield><datafield ind1=" " ind2=" " tag="300"><subfield code="a">262p</subfield></datafield><datafield ind1=" " ind2="4" tag="650"><subfield code="a">Properties in Quantum Physics</subfield></datafield><datafield ind1=" " ind2=" " tag="852"><subfield code="c">530.14</subfield></datafield><datafield ind1=" " ind2=" " tag="CAT"><subfield code="a">Sys</subfield><subfield code="c">20110120</subfield><subfield code="h">152319</subfield></datafield></record></collection>